<?xml version="1.0"?>
<collection xmlns="http://www.loc.gov/MARC21/slim">
  <record>
    <leader>01929nam a2200481 a 4500</leader>
    <controlfield tag="001">cihm_28787</controlfield>
    <controlfield tag="003">CaSfIA</controlfield>
    <controlfield tag="005">20151008010651.0</controlfield>
    <controlfield tag="007">cr||||||||||||</controlfield>
    <controlfield tag="008">831208s1885    enk     b     000 0 eng d</controlfield>
    <datafield tag="020" ind1=" " ind2=" ">
      <subfield code="a">0665287879</subfield>
    </datafield>
    <datafield tag="035" ind1=" " ind2=" ">
      <subfield code="a">ocn317910234</subfield>
    </datafield>
    <datafield tag="040" ind1=" " ind2=" ">
      <subfield code="a">CaOOCIHM</subfield>
      <subfield code="b">eng</subfield>
      <subfield code="d">AEU</subfield>
      <subfield code="d">CaSfIA</subfield>
    </datafield>
    <datafield tag="043" ind1=" " ind2=" ">
      <subfield code="a">n-cn---</subfield>
      <subfield code="a">n-us---</subfield>
      <subfield code="a">u-at-tm</subfield>
    </datafield>
    <datafield tag="082" ind1="0" ind2=" ">
      <subfield code="a">630</subfield>
      <subfield code="2">19</subfield>
    </datafield>
    <datafield tag="090" ind1=" " ind2=" ">
      <subfield code="a">FC 02 0203 no. 28787</subfield>
      <subfield code="b">AEU</subfield>
    </datafield>
    <datafield tag="100" ind1="1" ind2=" ">
      <subfield code="a">Ford, William Wilbraham,</subfield>
      <subfield code="d">b. 1846</subfield>
    </datafield>
    <datafield tag="245" ind1="1" ind2="0">
      <subfield code="a">Practical suggestions as to instruction in farming in Canada, the United States of America and Tasmania</subfield>
      <subfield code="h">[electronic resource] </subfield>
      <subfield code="c">by William Wilbraham Ford and John Rathbone.</subfield>
    </datafield>
    <datafield tag="250" ind1=" " ind2=" ">
      <subfield code="a">14th ed., rev.</subfield>
    </datafield>
    <datafield tag="260" ind1=" " ind2=" ">
      <subfield code="a">London :</subfield>
      <subfield code="b">Ford, Rathbone,</subfield>
      <subfield code="c">[1885?]</subfield>
    </datafield>
    <datafield tag="300" ind1=" " ind2=" ">
      <subfield code="a">1 microfiche (40 fr.).</subfield>
    </datafield>
    <datafield tag="490" ind1="1" ind2=" ">
      <subfield code="a">CIHM/ICMH Microfiche series = CIHM/ICMH collection de microfiches ;</subfield>
      <subfield code="v">no. 28787</subfield>
    </datafield>
    <datafield tag="533" ind1=" " ind2=" ">
      <subfield code="a">Filmed from a copy of the original publication held by the Library of the Public Archives of Canada.</subfield>
      <subfield code="b">Ottawa :</subfield>
      <subfield code="c">Canadian Institute for Historical Microreproductions,</subfield>
      <subfield code="d">1982.</subfield>
    </datafield>
    <datafield tag="534" ind1=" " ind2=" ">
      <subfield code="e">67 p.</subfield>
    </datafield>
    <datafield tag="596" ind1=" " ind2=" ">
      <subfield code="a">43</subfield>
    </datafield>
    <datafield tag="650" ind1=" " ind2="0">
      <subfield code="a">Agriculture</subfield>
      <subfield code="z">Canada.</subfield>
    </datafield>
    <datafield tag="650" ind1=" " ind2="0">
      <subfield code="a">Agriculture</subfield>
      <subfield code="z">United States.</subfield>
    </datafield>
    <datafield tag="650" ind1=" " ind2="0">
      <subfield code="a">Agriculture</subfield>
      <subfield code="z">Tasmania.</subfield>
    </datafield>
    <datafield tag="650" ind1=" " ind2="6">
      <subfield code="a">Agriculture</subfield>
      <subfield code="z">Canada.</subfield>
    </datafield>
    <datafield tag="650" ind1=" " ind2="6">
      <subfield code="a">Agriculture</subfield>
      <subfield code="z">&#xC3;&#x89;tats-Uni</subfield>
    </datafield>
    <!-- No separator at end of field length=30 -->
    <datafield tag="650" ind1="." ind2="">
      <subfield code="6"/>
      <subfield code="a">Agriculture</subfield>
      <subfield code="z">Tasmani</subfield>
    </datafield>
    <!-- No separator at end of field length=27 -->
    <datafield tag="651" ind1="." ind2="">
      <subfield code="0"/>
      <subfield code="a">Canada</subfield>
      <subfield code="x">Emigration and immigratio</subfield>
    </datafield>
    <!-- No separator at end of field length=40 -->
    <datafield tag="651" ind1="." ind2="">
      <subfield code="0"/>
      <subfield code="a">United States</subfield>
      <subfield code="x">Emigration and immigratio</subfield>
    </datafield>
    <!-- No separator at end of field length=47 -->
    <datafield tag="651" ind1="." ind2="">
      <subfield code="0"/>
      <subfield code="a">Tasmania</subfield>
      <subfield code="x">Emigration and immigratio</subfield>
    </datafield>
    <!-- No separator at end of field length=42 -->
    <datafield tag="651" ind1="." ind2="">
      <subfield code="0"/>
      <subfield code="a">Great Britain</subfield>
      <subfield code="x">Emigration and immigratio</subfield>
    </datafield>
    <!-- No separator at end of field length=47 -->
    <datafield tag="651" ind1="." ind2="">
      <subfield code="6"/>
      <subfield code="a">Canada</subfield>
      <subfield code="x">Emigration et immigratio</subfield>
    </datafield>
    <!-- No separator at end of field length=39 -->
    <datafield tag="651" ind1="." ind2="">
      <subfield code="6"/>
      <subfield code="a">&#xC3;&#x89;tats-Unis</subfield>
      <subfield code="x">Emigration et immigrat</subfield>
    </datafield>
    <!-- No separator at end of field length=44 -->
    <datafield tag="651" ind1="o" ind2="n">
      <subfield code=""/>
    </datafield>
    <!-- Separator but not at end of field length=41 -->
    <datafield tag="651" ind1="o" ind2="n">
      <subfield code=""/>
    </datafield>
    <!-- Separator but not at end of field length=48 -->
    <datafield tag="700" ind1="o" ind2="n">
      <subfield code=""/>
    </datafield>
    <!-- Separator but not at end of field length=20 -->
    <datafield tag="830" ind1="h" ind2="n">
      <subfield code=""/>
    </datafield>
    <!-- Separator but not at end of field length=45 -->
    <datafield tag="856" ind1="4" ind2="1">
      <subfield code="u">http://archive.org/details/cihm_28787</subfield>
      <subfield code="z">Free eBook from the Internet Archive</subfield>
    </datafield>
    <datafield tag="856" ind1="4" ind2="2">
      <subfield code="u">http://www.openlibrary.org/books/OL24363873M</subfield>
      <subfield code="z">Additional information and access via Open Library</subfield>
    </datafield>
    <!-- Separator but not at end of field length=22 -->
    <datafield tag="016" ind1="P" ind2="R">
      <subfield code=""/>
    </datafield>
    <!-- Separator but not at end of field length=15 -->
    <!-- Separator but not at end of field length=58 -->
  </record>
</collection>
